<?xml version="1.0" encoding="UTF-8"?><record xmlns="http://www.loc.gov/MARC21/slim" xmlns:cinclude="http://apache.org/cocoon/include/1.0" xmlns:zs="http://www.loc.gov/zing/srw/">
  <leader>00543cz  a2200145n  4500</leader>
  <controlfield tag="001">n  82225568 </controlfield>
  <controlfield tag="003">DLC</controlfield>
  <controlfield tag="005">20141208112913.0</controlfield>
  <controlfield tag="008">830519n| azannaab           |a aaa     c</controlfield>
  <datafield tag="010" ind1=" " ind2=" ">
    <subfield code="a">n  82225568 </subfield>
  </datafield>
  <datafield tag="040" ind1=" " ind2=" ">
    <subfield code="a">DGPO</subfield>
    <subfield code="b">eng</subfield>
    <subfield code="e">rda</subfield>
    <subfield code="c">DLC</subfield>
    <subfield code="d">DLC</subfield>
  </datafield>
  <datafield tag="100" ind1="1" ind2=" ">
    <subfield code="a">Burck, G. M.</subfield>
  </datafield>
  <datafield tag="400" ind1="1" ind2="0">
    <subfield code="a">Burck, Gordon M.</subfield>
  </datafield>
  <datafield tag="670" ind1=" " ind2=" ">
    <subfield code="a">Mini-assessment of environmental trends and problems, 1982 (a.e.)</subfield>
    <subfield code="b">t.p. (G.M. Burck) p. 4 (MATHTECH, Inc., Arlington, VA)</subfield>
  </datafield>
  <datafield tag="670" ind1=" " ind2=" ">
    <subfield code="a">Flowerree, C.C. International handbook on chemical weapons proliferation, 1991:</subfield>
    <subfield code="b">CIP t.p. (Gordon M. Burck)</subfield>
  </datafield>
</record>